@ARTICLE{mak01, %src22
	author = {Макаров, С. О.},
	title = {Сравнительные оценки качества определения кадастровых границ на основе различных методом измерений},
	journal = {Славянский Форум},
	year = {2018},
	number = {№~2(20)},
	pages = {197--200},
	language = {russian},
	authorconf = {true},
	authorother = {true},
}

@ARTICLE{mak02,  %src23
	author = {Макаров, С. О.},
	title = {Исследование точности спутникового позиционирования при использовании современных методов обработки данных},
	journal = {Грозненский естественнонаучный бюллетень},
	year = {2023},
	number = {№~1(31)},
	volume = {8},
	pages = {31--38},
	language = {russian},
	authorother = {false},
    authorvak = {true},
}

@ARTICLE{mak03,  %src24
	author = {Макаров, С. О. and Гебгарт, А. А.},
	title = {Применение РРР-алгоритма обработки спутниковых данных для создания геодезических сетей протяженных линейных объектов},
	journal = {Славянский Форум},
	year = {2020},
	number = {№~2(36)},
	pages = {358--364},
	language = {russian},
	authorconf = {true},
	authorother = {true},
}

@ARTICLE{mak04,  %src25
	author = {Макаров, С. О. and Негер, О. В.},
	title = {Исследование точности спутникового позиционирования},
	journal = {Славянский Форум},
	year = {2021},
	number = {№~1(31)},
	pages = {349--355},
	language = {russian},
	authorconf = {true},
	authorother = {true},
}

@ARTICLE{mak05, %src26
	author = {Макаров, С. О. and Розенберг, И. Н.},
	title = {Сравнительная оценка точности геодезических данных при уравнивании различными способами},
	journal = {Славянский Форум},
	year = {2020},
	number = {№~1(27)},
	pages = {343--352},
	language = {russian},
	authorconf = {true},
	authorother = {true},
}

@ARTICLE{mak06, %src27
	author = {Макаров, С. О. and Тихонов, А. Д. and Рудченко, Г. А.},
	title = {Использование сетей постоянно действующих базовых станций вместо традиционных геодезических сетей},
	journal = {Успехи современного естествознания},
	year = {2024},
	number = {№~4},
	pages = {113--117},
	language = {russian},
	authorvak = {true},
}

@ARTICLE{mak07, %src28
	author = {Макаров, С. О. and Тихонов, А. Д.},
	title = {Cравнение точности геодезических сетей, координаты которых определены с использованием метода высокоточных координатных определений и классической постобработкой},
	journal = {Успехи современного естествознания},
	year = {2022},
	number = {№~6},
	pages = {103--108},
	language = {russian},
	authorvak = {true},
}

@ARTICLE{mak08, %src29
	author = {Макаров, С. О. and Тихонов, А. Д.},
	title = {Анализ точности координат геодезических пунктов, определенных с помощью методики высокоточных координатных определений обработки спутниковых данных},
	journal = {Успехи современного естествознания},
	year = {2023},
	number = {№~1},
	pages = {94--99},
	language = {russian},
	authorvak = {true},
}

@incollection{mak09, %src30
	author = {Макаров, С.~О. and Тихонов, А. Д.},
	booktitle={Современное состояние, проблемы и перспективы развития отраслевой науки: материалы VI Всероссийской конференции с международным участием, посвященной 125-летию РУТ (МИИТ), Москва, 25–26 ноября 2021 года},
	title = {Применение алгоритма обработки спутниковых данных для построения геодезических сетей},
	address = {М.},
	publisher={Издательство "Перо"},
	year = {2021},
	pages = {73--76},
	note = {EDN PLUXUV},
	language = {russian},
	authorconf = {true},
}

@incollection{mak10, %src31
	author = {Макаров, С.~О. and Тихонов, А. Д.},
	booktitle={Материалы, оборудование и ресурсосберегающие технологии: Материалы Международной научно-технической конференции,  Могилев, 21–22 апреля 2022 года / Редколлегия: М.Е. Лустенков (гл. ред.) [и др.]},
	title = {Применение РРР-алгоритма для создания геодезических сетей протяженных линейных объектов},
	address = {Могилев},
	publisher = {Межгосударственное образовательное учреждение высшего образования "Белорусско-Российский университет"},
	year = {2022},
	pages = {288--289},
	note = {EDN HZGSDM},
	language = {russian},
	authorconf = {true},
}

@ARTICLE{mak99,
	author = {Макаров, С. О. and Гебгарт, А. А. and Матвеев А. С.},
	title = {Анализ факторов, влияющих на точность обработки по PPP-алгоритму},
	journal = {Славянский Форум},
	year = {2024},
	number = {№~1(43)},
	pages = {297--301},
	language = {russian},
	authorconf = {true},
	authorother = {true},
}