@MVBOOK{src01,
	author = {Антонович, К. М.},
	title = {Использование спутниковых радионавигационных систем в геодезии : монография},
	publisher = {СП "Наука" РАН"},
	year      = {2005},
	volume    = {1},
	volumes    = {2},
	address   = {М.},
	numpages = {333},
	note      = {EDN QKFOUJ},
	isbn      = {5-86066-072-3},
	language  = {russian},
}

@MVBOOK{src02,
	author = {Антонович, К. М.},
	title = {Использование спутниковых радионавигационных систем в геодезии : монография},
	publisher = {Картгеоцентр},
	year      = {2006},
	volume    = {2},
	volumes    = {2},
	address   = {М.},
	numpages = {359},
	note      = {EDN QKFOTZ},
	isbn      = {5-86066-077-4},
	language  = {russian},
}

@ARTICLE{src03,
	author = {Антонович, К. М. and Липатников, Л. А.},
	title = {Совершенствование методики точного дифференциального позиционирования по результатам ГНСС-измерений (Precise Points Positioning)},
	journal = {Известия высших учебных заведений. Геодезия и аэрофотосъемка},
	year = {2013},
	number = {№~S4},
	pages = {44--47},
	note = {EDN UJLBIF},
	language = {russian},
}

@ARTICLE{src04,
	author = {Войтенко, А. А.},
	title = {О реализации и оценке точности методики «Precise Point Positioning» (PPP)},
	journal = {Геодезия и картография},
	year = {2017},
	number = {№~9},
	pages = {42--49},
	note = {DOI 10.22389/0016-7126-2017-927-9-42-49},
	doi = {10.22389/0016-7126-2017-927-9-42-49},
	language = {russian},
}

@ARTICLE{src05,
	author = {Войтенко, А. А. and Быков, В. Л.},
	title = {Методика точного дифференциального позиционирования: краткий обзор},
	journal = {Геодезия и картография},
	year = {2016},
	number = {№~8},
	pages = {26--30},
	note = {DOI 10.22389/0016-7126-2016-914-8-26-30. --- EDN WMBTMN},
	doi = {10.22389/0016-7126-2016-914-8-26-30},
	language = {russian},
}

@ARTICLE{src06, % ==============================================================================================================
	author = {},
	title = {},
	journal = {},
	year = {},
	number = {},
	pages = {},
	language = {russian},
}

@ARTICLE{src07,
	author = {Виноградов, А. В. and Войтенко, А. А. and Жигулин, А. Ю.},
	title = {Оценка точности метода PRECISE POINT POSITIONING и возможности его применения при кадастровых работах},
	journal = {Геопрофи},
	year = {2010},
	number = {№~2},
	pages = {27--30},
	language = {russian},
}

@ARTICLE{src08, 
	author = {Вовасов, В. Е. and Ипкаев, С. А. and Герко С. А.},
	title = {Оценка ионосферной и тропосферной задержки сигнала СРНС при использовании одночастотного навигационного приемника},
	journal = {Вестник Южно-Уральского Государственного Университета. Серия: Компьютерные технологии, управление, радиоэлектроника},
	year = {2015},
	number = {№~1},
	volume = {15},
	%	series = {Компьютерные технологии, управление, радиоэлектроника},
	pages = {75--90},
	note = {EDN TGZUOF},
	language = {russian},
}

@BOOK{src09, 
	author = {Генике, А. А. and Побединский, Г. Г.},
	title = {Глобальная спутниковая система определения местоположения GPS и ее применение в геодезии : монография},
	publisher = {Картгеоцентр},
	year      = {1999},
	address   = {М.},
	numpages = {272},
	note      = {EDN UUYQEA},
	isbn      = {5-86066-031-6},
	language  = {russian},
}

@BOOK{src10,
	author = {Генике, А. А. and Побединский, Г. Г.},
	title = {Глобальные спутниковые системы определения местоположения и их применение в геодезии},
    edition = {изд. 2-е, перераб. и доп.},
	publisher = {Картгеоцентр},
	year      = {2004},
	address   = {М.},
	numpages = {354},
	note      = {EDN QKGWEB},
	isbn      = {5-86066-063-4},
	language  = {russian},
}

@BOOK{src11,
	title = {Руководство по созданию и реконструкции городских геодезических сетей с использованием спутниковых систем ГЛОНАСС/GPS},
	subtitle = {ГКИНП (ОНТА)-01-271–03},
	publisher = {ЦНИИГАиК},
%	editor = {Неверов, Л. В.},
	autor = {Андриянов, В. А. and Бородко, А. В. and Еруков, С. В. and Ефимов, Г. Н. and Копачевский, B. C. and Лифарь, Т. В. and Лобазов, В. Я. and Побединский, Г. Г. and Шабанов, Е. В. and Ямбаев, Б. Н.},
	location = {М.},
	year = {2003},
	pagetotal = {182},
	language = {russian},
}

@ARTICLE{src12,
	author = {Калинников, В. В. and Устинов, А. В. and Косарев, Н. С.},
	title = {Влияние атмосферных нагрузок на результаты спутникового мониторинга здания станционного узла Загорской ГАЭС-2 методом PPP},
	journal = {Вестник СГУГиТ (Сибирского государственного университета геосистем и технологий)},
	year = {2020},
	number = {№~3},
	volume = {25},
	pages = {34--41},
	doi = {10.33764/2411-1759-2020- 25-3-34-41},
	note = {DOI 10.33764/2411-1759-2020-25-3-34-41. --- EDN VNUBMF},
	language = {russian},
}

@ARTICLE{src13,
	author = {Калинников, В. В. and Устинов, А. В. and Загретдинов, Р. В.},
	title = {Влияние неоднородностей поля водяного пара в приземном слое атмосферы в районе водохранилищ на результаты спутникового мониторинга гидротехнических сооружений},
	journal = {Гидротехническое строительство},
	year = {2018},
	number = {№~3},
	pages = {19--25},
	issn = {0016-9714},
	note = {EDN YUGWEA},
	language = {russian},
}

% ГОСТ Р 7.0.11-2011, Приложение Б, Отчёты о научно-исследовательской работе
@BOOK{src14,
	author = {Кириенко, Юрий},
	title = {Атмосферные задержки GNSS-сигнала : технический отчет},
	address = {М.},
	institution = {Геоскан},
	year = {2016},
	numpages = {11},
	doi = {10.6084/M9.FIGSHARE.3398539},
	note = {DOI 10.6084/M9.FIGSHARE.3398539},
	language = {russian}
}

@ARTICLE{src15,
	author = {Коробочкин, М. И. and Тихонов, А. Д.},
	title = {Уравнивание геодезических сетей с помощью аппаратуры СРНС (ГЛОНАСС, GPS), методами математического программирования},
	journal = {Землеустройство, кадастр и мониторинг земель},
	year = {2016},
	number = {№~5},
	pages = {78--86},
	issn = {2074-7977},
	note = {EDN WGXKCB},
	language = {russian},
}

@BOOK{src16,
	author = {Коробочкин, М. И. and Калинова, Е. В. and Тихонов, А. Д.},
	title = {Математическое моделирование геопространственных данных : Учебник для студентов высших учебных заведений, обучающихся по специальности 21.05.01 – Прикладная геодезия и по направлению подготовки 21.03.03 – Геодезия и дистанционное зондирование},
	publisher = {ГУЗ},
	year      = {2017},
	address   = {М.},
	numpages = {396},
	note      = {EDN YTZHNL},
	isbn      = {978-5-9215-0335-9},
	language  = {russian},
}

@CONFERENCE{src17,
	author       = {Коробочкин, М. И. and Тихонов, А. Д.},
	title        = {К уравниванию спутниковых геодезических сетей},
	booktitle    = {Землеустроительное образование и наука из XVIII в XXI век : Материалы Международного научно-практического форума, посвященного 240-летию со дня основания Государственного университета по землеустройств, Москва, 27 мая 2019 года},
	year         = {2019},
	volume       = {2},
	pages        = {64--71},
	address      = {М.},
	publisher    = {ГУЗ},
	note         = {EDN IXZZPV},
	language     = {russian}
}

@ARTICLE{src18,
	author = {Косарев, Н. С. and Шевчук, С. О. and Черемисина, Е. С.},
	title = {Усовершенствованная методика контроля фазовых ГНСС-измерений по эфемеридам спутников и приближенным координатам пункта наблюдений},
	journal = {Известия высших учебных заведений. Геодезия и аэрофотосъемка},
	year = {2019},
	number = {№~6},
	volume = {63},
	pages = {611--622},
	doi = {10.30533/0536-101X-2019-63-6-611-622},
	note = {DOI 10.30533/0536-101X-2019-63-6-611-622. --- EDN HSFCMG},
	language = {russian},
}

@BOOK{src19,
	author = {Куприянов, А. О. and Морозов, Д. А.},
	title = {Позиционирование по сигналам глобальных навигационных спутниковых систем в относительном режиме: учебно-методическое пособие},
	publisher = {МИИГАиК},
	year      = {2017},
	address   = {М.},
	numpages = {48},
	language  = {russian},
}

@BOOK{src20,
	title = {Инструкция по развитию съемочного обоснования и съемке ситуации и рельефа с применением глобальных навигационных спутниковых систем ГЛОНАСС и GPS},
	subtitle = {ГКИНП (ОНТА)-02-262-02},
	publisher = {ЦНИИГАиК},
	editor = {Неверов, Л. В.},
	autor = {Ашурков, М. О. and Минченко, А. Н.},
	location = {М.},
	year = {2002},
	pagetotal = {124},
	language = {russian},
}

% ГОСТ Р 7.0.11-2011, Приложение Б, Диссертации
@BOOK{src21,
	author = {Липатников, Леонид Алексеевич},
	title = {Совершенствование методики точного дифференциального позиционирования с использованием глобальных навигационных спутниковых систем : специальность 25.00.32 "Геодезия" : диссертация на соискание ученой степени кандидата технических наук},
	address = {Новосибирск},
	year = {2014},
	numpages = {114},
	note = {EDN UUYQEA},
	language = {russian},
}

%-------------------------------------------------------------------------------------------------------------------------
%     Авторские  публикации см. в файле author.bib
%-------------------------------------------------------------------------------------------------------------------------

% ГОСТ Р 7.0.11-2011, Приложение Б, Диссертации
@BOOK{src32,
	author = {Мельников, Андрей Юрьевич},
	title = {Разработка методики анализа деформационного процесса в сейсмоактивных регионах по данным спутниковых высокоточных координатных определений : специальность 25.00.32 "Геодезия" : диссертация на соискание ученой степени кандидата технических наук},
	location = {М.},
	year = {2019},
	numpages = {152},
	note = {EDN JPFVTB},
	organization = {Российский Университет Дружбы Народов (РУДН)},
	language = {russian}
}

@ARTICLE{src33,
	author = {Морозов, В. Н. and Кафтан, В. И. and Татаринов, В. Н. and Колесников, И. Ю. and Маневич, А. И. and Мельников, А. Ю.},
	title = {Численное моделирование напряженно-деформационного состояния и результаты GPS-миниторинга эпицентральной зоны землетрясения 24 августа 2014 (г.~Напа, шт.~Калифорния, США)},
	journal = {Геотектоника},
	year = {2018},
	number = {№~5},
	pages = {90--102},
	doi = {10.1134/S0016853X18040069},
	note = {DOI 10.1134/S0016853X18040069. --- EDN XXXTBJ},
	language = {russian},
}

@BOOK{src34,
	author = {Огородова, Л. В.},
	title = {Высшая геодезия. Часть III. Теоретическая геодезия},
	publisher = {Геодезкартиздат},
	location = {М.},
	year = {2006},
	numpages = {384},
	isbn = {5-86066-076-6},
	note = {ISBN: 5-86066-076-6. --- EDN JPFVTB},
	language = {russian}
}

@ARTICLE{src35,
	author = {Першин, Д. Ю.},
	title = {Сравнительный анализ моделей тропосферной задержки в задаче определения местоположения высокой точности в спутниковых навигационных системах ГЛОНАСС~/~GPS},
	journal = {Вестник НГУ. Серия: Информационные технологии},
	year = {2009},
	number = {№~1},
	volume = {7},
	%	series = {Информационные технологии},
	issn = {1818-7900},
	pages = {84--91},
	note = {EDN JXVDGH},
	language = {russian},
}

@ARTICLE{src36,
	author = {Подкорытов, А. Н.},
	title = {Математическая модель смещения фазовых центров антенн при высокоточном местоопределении в глобальных навигационных комплексах},
	journal = {Труды МАИ},
	year = {2012},
	number = {№~50},
	pages = {28},
	note = {EDN OUXFCF},
	language = {russian},
}

@online{src37,
	title={ПРОГЕО},
	medium={Электронный ресурс},
	url = {https://www.cta.ru/news/cta/178212.html},
	urldate = {20.02.2024},
	language = {russian},
}

@BOOK{src38,
	author = {Телеганов, Н. А. and Елагин, А. В.},
	title = {Высшая геодезия и основы координатно-временных систем : учебное пособие},
	publisher = {СГГА},
	year      = {2004},
	address   = {Новосибирск},
	numpages = {216},
	note      = {ISBN 5-87693-154-3},
	isbn      = {5-87693-154-3},
	language  = {russian},
}

@ARTICLE{src39,
	author = {Шевчук, С. О. and Мелесх, А. Х. and Косарев, Н. С.},
	title = {Исследование точности метода РРР для навигационно-геодезического обеспечения геофизических работ},
	journal = {Геопрофи},
	year = {2010},
	number = {№~3},
	pages = {10--15},
	language = {russian},
}

@ARTICLE{src40,
	author = {Шевчук, С. О. and Малютина, К. И. and Липатников, Л. А.},
	title = {Перспективы использования свободного программного обеспечения для постобработки ГНСС-измерений},
	journal = {Интерэкспо Гео-Сибирь},
	year = {2017},
	number = {№~S},
	pages = {74--89},
	note = {EDN YOYIBN},
	language = {russian},
}

@CONFERENCE{src41,
	author       = {Щербаков, А. С. and Першин, Д. Ю.},
	title        = {Определение местоположения высокой точности для одночастотных приемников ГЛОНАСС/GPS},
	booktitle    = {Материалы XLVII международной научной студенческой конференции "Студент и научно-технический прогресс", 11-15~апреля 2009~г. Информационные технологии},
	year         = {2009},
	numpages 	 = {227},
	pages        = {29},
	address      = {Новосибирск},
	publisher    = {Новосибирский государственный университет},
	note         = {},
	language     = {russian}
}

@ARTICLE{src42,
	author = {Feng, Yanming and Shengfeng, Gu and Shi, Chuang and Rizos, Chris},
	title = {A reference station-based GNSS computing mode to support unified precise point positioning and real-time kinematic services},
	journal = {Journal of Geodesy},
	year = {2013},
	number = {Vol.~87(10-12)},
	pages = {945--960},
	doi = {10.1007/s00190-013-0659-7},
	note = {DOI 10.1007/s00190-013-0659-7},
	language = {english},
}


@ARTICLE{src43,
	author = {Abou-Galala, M. and Rabah, M. and Kaloop, M. and Zidana Z. M.},
	title = {Assessment of the accuracy and convergence period of Precise Point Positioning},
	journal = {Alexandria Engineering Journal},
	year = {2017},
	doi = {10.1016/j.aej.2017.04.019},
	note = {DOI 10.1016/j.aej.2017.04.019},
	language = {english},
}

@ARTICLE{src44,
	author = {Alkan, R. M. and Ocalan, T.},
	title = {Usability of the GPS Precise Point Positioning Technique in Marine Applications},
	journal = {The Journal of Navigation},
	year = {2013},
	number = {Vol.~66},
	pages = {579--588},
	language = {english},
}

@online{src45,
	title={Application of GNSS technology in geodetic auscultation of embankment dams},
	medium={Электронный ресурс},
	url = {http://balgeos.cc.bas.bg/News/materials/Presentations/present_Viena_2010/11_Bogdanovski_Application_GNSS_techcnology.pdf},
	urldate = {19.01.2021},
	language = {english},
}

@ARTICLE{src46,
	author = {Bakun, W. H. and McEvilly, T. V.},
	title = {Recurrence models and Parkfield, California, earthquakes},
	journal = {Journal of Geophysical Research: Solid Earth},
	year = {1984},
	number = {Vol.~89, Issue~B5},
	pages = {3051--3058},
	doi = {10.1029/JB089iB05p03051},
	note = {DOI 10.1029/JB089iB05p03051},
	language = {english},
}

@BOOK{src47,
	title = {User manual of the Bernese GPS Software Version 5},
	subtitle = {Astronomical Institute, University of Bern},
	publisher = {Stämpfli Publications AG},
	autor = {Hugentobler, U. and Schaer,S. and Fridez, P.},
	location = {Bern},
	year = {2006},
	pagetotal = {110},
	language = {russian},
}

@ARTICLE{src48,
	author = {Black, H. D.},
	title = {An Easily Implemented Algorithm for the Tropospheric Range Correction},
	journal = {Journal of Geophysical Research},
	year = {1978},
	number = {Vol.~83,~N.B4},
	pages = {1825--1828},
	language = {english},
}

@ARTICLE{src49,
	author = {Bolbol, S. and Ali, A. H. and El-Sayed, M. S. and Elbeah, M. N.},
	title = {Performance Evaluation of Precise Point Positioning (PPP) Using CSRS-PPP Online Service},
	journal = {American Journal of Geographic Information System},
	year = {2017},
	number = {6(4)},
	pages = {156--167},
	doi = {10.5923/j.ajgis.20170604.03},
	note = {DOI 10.5923/j.ajgis.20170604.03},
	language = {english},
}

@ARTICLE{src50,
	author = {Cai, Changsheng and Gao, Yang},
	title = {Modeling and assessment of combined GPS/GLONASS precise point positioning},
	journal = {GPS Solutions},
	year = {2013},
	number = {17(2)},
	pages = {223--236},
	doi = {10.1007/s10291-012-0273-9},
	note = {DOI 10.1007/s10291-012-0273-9},
	language = {english},
}

@ARTICLE{src51,
	author = {Chen, Kongzhe and Gao, Yang},
	title = {Real-Time Precise Point Positioning Using Single Frequency Data},
	journal = {Proceedings of the 18th International Technical Meeting of the Satellite Division of The Institute of Navigation (ION GNSS 2005)},
	year = {2005},
	month = {09},
%	month = {September},
%	number = {17(2)},
	pages = {1514--1523},
%	doi = {10.1007/s10291-012-0273-9},
%	note = {DOI 10.1007/s10291-012-0273-9},
	language = {english},
}

@ARTICLE{src52,
	author = {d’Alessio, M. A. and Johanson, I. A. and B\"{u}rgmann, R. and Schmidt, D. A. and Murray, M. H.},
	title = {Slicing up the San Francisco Bay area: Block kinematics and fault slip rates from GPS‐derived surface velocities},
	journaltitle = {Journal of Geophysical Research: Solid Earth},
	date = {2005-06-11},
	year = {2005},
	volume = {110},
	number = {B06403},
	pages = {1--19},
	doi = {10.1029/2004JB003496},
	note = {DOI 10.1029/2004JB003496},
	language = {english},
	issue = {B6},
	url = {https://agupubs.onlinelibrary.wiley.com/doi/pdfdirect/10.1029/2004JB003496},
	urldate = {19.01.2021},
}

@ARTICLE{src53,
	author = {Dermanis, A. and Kotsakis, Ch.},
	title = {Estimating Crustal Deformation Parameters from Geodetic Data: Review of Existing Methodologies},
	journal = {Open Problems and New Challenges, International Association of Geodesy Symposia},
	year = {2006},
	volume = {131},
	pages = {7--18},
	doi = {10.1007/978-3-540-38596-7\_2},
	note = {DOI 10.1007/978-3-540-38596-7\_2},
	language = {english},
}

@ARTICLE{src54,
	author = {Ebner, R. and Featherstone, W. E.},
	title = {How well can online GPS PPP post-processing services be used to establish geodetic survey control networks?},
	journal = {Journal of Applied Geodesy},
	year = {2008},
	number = {2},
	pages = {149--157},
	doi = {10.1515/JAG.2008.017},
	note = {DOI 10.1515/JAG.2008.017},
	language = {english},
}

@online{src55,
	title={EFT COORS --- сети базовых станций},
	publisher = {EFT COORS},
	medium={Электронный ресурс},
	url = {https://eft-cors.ru/about-us },
	urldate = {20.04.2022},
	language = {russian},
}

@ARTICLE{src56,
	author = {Gandolfi, S. and Tavasci, Luca  and Poluzzi, Luca},
	title = {Study on GPS-PPP precision for short observation sessions},
	journal = {GPS Solutions},
	year = {2017},
	volume = {21(3)},
%	number = {3},
	pages = {887--896},
	doi = {10.1007/s10291- 016-0575-4},
	note = {DOI 10.1007/s10291- 016-0575-4},
	language = {english},
}

@online{src57,
	title={Geodetic tools and data},
	medium={Электронный ресурс},
	url = {https://www.nrcan.gc.ca/maps-tools-and-publications/tools/geodetic-reference-systems/data/10923#ppp},
	urldate = {12.01.2023},
	language = {russian},
}

@ARTICLE{src58,
	author = {Montenbruck, Oliver and Schmid, Ralf and Mercier, Flavien and Steigenberger, Peter},
	title = {GNSS satellite geometry and attitude models},
	journal = {Advances in Space Research},
	year = {2015},
	volume = {56(6)},
	%	number = {6},
	pages = {1015--1029},
	doi = {10.1016/j.asr.2015.06.019},
	note = {DOI 10.1016/j.asr.2015.06.019},
	language = {english},
}

@ARTICLE{src59,
	author = {Gu, Guohua and Wang, Wuxing and Xu, Yueren and Li, Wenjun},
	title = {Horizontal crustal movement before the great Wenchuan earthquake obtained from GPS observations in the regional network},
	journal = {Earthquake Science},
	year = {2009},
	volume = {22},
	pages = {471--478},
	doi = {10.1007/s11589-009-0471-x},
	note = {DOI 10.1007/s11589-009-0471-x},
	language = {english},
}

@BOOK{src60,
	autor = {Hernández-Pajares, Manuel and Zornoza, José Miguel Juan and Subirana, Jaume Sanz},
	title = {GPS Data processing: code and phase Algorithms, Techniques and Recipes},
	subtitle = {Research group of Astronomy and GEomatics (gAGE/UPC)},
	publisher = {Universidad Politécnica de Cataluña/Universitat Politècnica de Catalunya, Edicions UPC},
%	publisher = {gAGE-NAV S.L.},
	location = {Barcelona},
	year = {2005},
	pagetotal = {389},
	isbn = {84-932230-5-0},
	language = {russian},
}

@BOOK{src61,
	title = {GPS - Theory and Practice},
	edition = {4th revised edition},
	subtitle = {Astronomical Institute, University of Bern},
	publisher = {Springer-Verlag},
	%	editor = {Неверов, Л. В.},
	autor = {Hofmann-Wellenhof, Bernhard and Lichtenegger, Herbert and Collins, James},
	location = {Wien},
	year = {1997},
	pagetotal = {389},
	language = {russian},
}

@ARTICLE{src62,
	author = {Hopfield, H. S.},
	title = {Two-quartic tropospheric refractivity profile for correcting satellite data},
	journal = {Journal of Geophysical Research},
	year = {1969},
	volume = {74},
	number = {18},
	pages = {4487--4499},
	doi = {10.1029/JC074i018p04487},
	note = {DOI 10.1029/JC074i018p04487},
	language = {english},
}

@ARTICLE{src63,
	author = {Jokinen, Altti and Feng, Shaojun and Schuster, Wolfgang and Ochieng, Washington Yotto and 
				Hide, Chris and Moore, Terry and Hill, Chris},
	title = {GLONASS aided GPS ambiguity fixed precise point positioning},
	journal = {The Journal of Navigation},
	year = {2013},
	volume = {66(3)},
%	number = {3},
	pages = {399--416},
	doi = {10.1017/S0373463313000052},
	note = {DOI 10.1017/S0373463313000052},
	language = {english},
}

@ARTICLE{src64,
	author = {Klobuchar, JOHN A.},
	title = {Ionospheric Time-Delay Algorithms for Single-Frequency GPS Users},
	journal = {IEEE Transactions on Aerospace and Electronic Systems},
	year = {1987},
	volume = {AES-23(3)},
%	number = {3},
	pages = {325--331},
	doi = {10.1109/TAES.1987.310829},
	note = {DOI 10.1109/TAES.1987.310829},
	language = {english},
}

@BOOK{src65,
	autor = {Kouba, Jan},
	title = {A guide to using International GNSS Service (IGS) products},
	publisher = {Geodetic Survey Division Natural Resources Canada},
	location = {Ottawa,},
	year = {2015},
	pagetotal = {34},
	language = {english},
}

@ARTICLE{src66,
	author = {Kouba, J. and Heroux, P.},
	title = {GPS Precise Point Positioning Using IGS Orbit Products},
	journal = {GPS Solutions},
	year = {2001},
	volume = {5},
	pages = {12--28},
	doi = {10.1007/PL00012883},
	note = {DOI 10.1007/PL00012883},
	language = {english},
}

@CONFERENCE{src67,
	author       = {Kowalczyk, K. and Kowalczyk, J.},
	title        = {Application of PPP Solution to Determine the Absolute Vertical Crustal Movements},
	booktitle    = {Case Study for Northeastern Europe, “Environmental Engineering” 10th International Conference)},
	year         = {2013},
	%	pages        = {1164--1175},
	address      = {Vilnius Gediminas Technical University, Lithuania},
	%	month        = {4},
	doi			 = {10.3846/enviro.2017.207},
	note 		 = {27–28 April 2017, DOI 10.3846/enviro.2017.207},
	language     = {english}
}

@ARTICLE{src68,
	author = {Krzan, G. and Stepniak, K.},
	title = {Application of the Undifferenced GNSS Precise Positioning in Determining Coordinates in National Reference Frames},
	journal = {The Journal of Space Research Centre of Polish Academy of Sciences},
	year = {2017},
	volume = {52, Iss.~3},
	doi = {10.1515/arsa-2017-0006},
	note = {DOI 10.1515/arsa-2017-0006},
	language = {english},
}

@online{src69, 
	title={Magicgnss},
	medium={Электронный ресурс},
	url = {https://magicgnss.gmv.com/ppp},
	urldate = {12.01.2024},
	language = {russian},
}

@online{src70,
	title={NASA International Mass Loading Service},
	medium={Электронный ресурс},
	url = {http://massloading.net/},
	urldate = {13.01.2024},
	language = {russian},
}

@ARTICLE{src71,
	author = {Tang, Xu and Roberts, Gethin Wyn and Li, Xingxing and Hancock, Craig},
	title = {Real-time kinematic PPP GPS for structure monitoring applied on the Severn suspension bridge, UK},
	journal = {Advances in Space Research},
	year = {2017},
	volume = {60(5)},
	pages = {925--937},
	doi = {10.1016/j.asr.2017.05.010},
	note = {DOI 10.1016/j.asr.2017.05.010},
	language = {english},
}

@online{src72,
	title={RTKLIB ver. 2.4.2 Manual},
	medium={Электронный ресурс},
	url = {http://www.rtklib.com/prog/rtklib_2.4.2.zip},
	urldate = {10.01.2024},
	language = {russian},
}

@online{src73,
	title={RTPK},
	medium={Электронный ресурс},
	url = {https://ugt-holding.ru/stati/article_post/tehnologiya-vychisleniya-koordinat-rtpk-ot-javad-gnss},
	urldate = {12.01.2024},
	language = {russian},
}

@CONFERENCE{src74,
	author       = {Seepersad, G. and Bisnath, S},
	title        = {Integrity Monitoring in Precise Point Positioning},
	booktitle    = {Proceedings of the 26th International Technical Meeting of the Satellite Division of The Institute of Navigation (ION GNSS+ 2013)},
	year         = {2013},
	pages        = {1164--1175},
	address      = {Nashville, TN},
	month        = {9},
	%	note         = {An optional note},
	language     = {english}
}

@ARTICLE{src75,
	author = {Shen, Zheng-Kang and Wang, Min and Zeng, Yuehua and Wang, Fan},
	title = {Optimal Interpolation of Spatially Discretized Geodetic Data},
	journal = {Bulletin of the Seismological Society of America},
	year = {2015},
	number = {105(4)},
	pages = {2117--2127},
	doi = {10.1785/0120140247},
	note = {DOI 10.1785/0120140247},
	language = {english},
}

@ARTICLE{src76,
	author = {Soycan, Metin and Ata, Ercenk},
	title = {Precise point positioning versus traditional solution for GNSS networks},
	journal = {Scientific Research and Essays},
	year = {2011},
	volume = {6(4)},
	pages = {799--808},
	doi = {10.5897/SRE10.799},
	%	date = {2011-02-18},
	%	url = {http://www.academicjournals.org/SRE },
	note = {DOI 10.5897/SRE10.799},
	language = {english},
}

@ARTICLE{src77,
	author = {Soycan, Metin},
	title = {A Quality Evaluation of Precise Point Positioning within the Bernese GPS Software Version 5.0},
	journal = {Arabian Journal for Science and Engineering},
	year = {2012},
	number = {37(1)},
	pages = {147--162},
	doi = {10.1007/s13369-011-0162-5},
	note = {DOI 10.1007/s13369-011-0162-5},
	language = {english},
}

@ARTICLE{src78,
	author = {Tang, Xu and Guo, Fei and Hancock, Craig and de Ligt, Huib},
	title = {Suspension Cable Bridge Deflection Determination Using Kinematic PPP with High-Rate GPS Satellite Clock Corrections},
	journal = {China Satellite Navigation Conference (CSNC)},
	year = {2020},
	volume = {1},
	pages = {222-231},
	doi = {10.1007/978-981-15-3707-3\_22},
	note = {DOI 10.1007/978-981-15-3707-3\_22},
	language = {english},
}

@ARTICLE{src79,
	author = {Tang, Xu and Li, Xingxing},
	title = {Differenced measurements between satellites applied on RTK PPP for structure monitoring },
	journal = {China Satellite Navigation Conference (CSNC)},
	year = {2017},
	volume = {1},
	pages = {277--284},
	doi = {10.1007/978-981-15-3707-3\_22},
	note = {DOI 10.1007/978-981-15-3707-3\_22},
	language = {english},
}

@online{src80,
	title={The Automatic Precise Positioning Service of the Global Differential GPS (GDGPS) System},
	journal={Automatic Precise Positioning Service},
	medium={Электронный ресурс},
	url = {https://apps.gdgps.net/},
	urldate = {12.01.2021},
	language = {english},
}

@online{src81,
	title={Trimble CenterPoint© RTX post-processing service},
	journal={Trimble RTX},
	medium={Электронный ресурс},
	url = {https://trimblertx.com/},
	urldate = {03.12.2020},
	language = {english},
}

@ARTICLE{src82,
	author = {Wang, Guoquan},
	title = {Millimeter-accuracy GPS landslide monitoring using Precise Point Positioning with Single Receiver Phase Ambiguity (PPP-SRPA) resolution: a case study in Puerto Rico},
	journal = {Journal of Geodetic Science},
	year = {2013},
	volume = {{}3(1)},
	pages = {22--31},
	doi = {10.2478/jogs-2013-0001},
	note = {DOI 10.2478/jogs-2013-0001},
	language = {english},
}

@ARTICLE{src83,
	author = {Wang, Jinling and Rizos, Chris and Stewart, Mike and Leick, Alfred},
	title = {GPS and GLONASS integration: Modeling and ambiguity resolution issues},
	journal = {GPS Solutions},
	year = {2001},
	number = {5(1)},
	pages = {55--64},
	doi = {10.1007/PL00012877},
	note = {DOI 10.1007/PL00012877},
	language = {english},
}

@ARTICLE{src84,
	author = {Wang, Fuhong and Chen, Xinghan and Guo, Fei},
	title = {GPS/GLONASS combined precise point positioning with receiver clock modeling},
	journal = {Sensors},
	year = {2015},
	volume = {15(7)},
	pages = {15478--15493},
	doi = {10.3390/s150715478},
	note = {DOI 10.3390/s150715478},
	language = {english},
}

@thesis{src85,
	author = {Witchayangkoon, Bhattraradej Boonsap},
	title = {Elements of GPS precise point positioning},
	institution = {The University of Maine},
%	date = {2000},
	month = {12},
	year = {2000},
	type = {PhD},
	pages = {286},
	doi = {10.3390/s150715478},
	note = {DOI 10.3390/s150715478},
	language = {english},
}

@ARTICLE{src86,
	author       = {Wu, J. T. and Wu, S. C. and Hajj, G. A. and Bertiguer, W. I. and Lichten, S. M.},
	title        = {Effects of Antenna Orientation on GPS Carrier Phase Measurements},
	journal = {Manuscripta Geodetica},
	year = {1993},
	volume = {{}18},
	pages = {91--98},
	address      = {Durango, CO, United States},
	language = {english},
}

@ARTICLE{src90,
	author       = { Zumberge, J. F. and Heflin, M. B. and Jefferson, D. C. and Watkins, M. M.},
	title        = {Precise point positioning for the efficient and robust analysis of GPS data from large networks},
	journal 	 = {Journal of Geophysical Research},
%	year		 = {1997},
	volume		 = {{}102},
	number		 = {(B3)},
	pages		 = {5005--5017},
%	month		 = {5},
	date		 = {1997-03-10},
	address      = {Durango, CO, United States},
	doi			 = {10.1029/96JB03860},
	note		 = {DOI 10.1029/96JB03860},
	language = {english},
}















%v=========================================================================================================
% ГОСТ Р 7.0.11-2011, Приложение Б, Книги

@BOOK{Sychev,
  author = {Сычёв, М. С.},
  title = {История Астраханского казачьего войска : учебное пособие},

  language = {russian}
}

@BOOK{Sokolov,
  author = {Соколов, А. Н. and Сердобинцев, К. С.},
  editor = {Бочарова, В. М.},
  address = {Астрахань},
  publisher = {Калиниградский ЮИ МВД России},
  title = {Гражданское общество: проблемы формирования и развития (философский и юридический аспекты) : монография},
  year = {2009},
  numpages = {218},
  language = {russian}
}

@BOOK{Gaidaenko,
  author = {Гайдаенко, Т. А.},
  title = {Маркетинговое управление: принципы управленческих решений и российская практика},
  edition = {{}3-е изд, перераб. и доп.},
  address = {М.},
  publisher = {Эксмо: МИРБИС},
  year = {2008},
  numpages = {508},
  language = {russian}
}

@BOOK{Lermontov,
  author = {Лермонтов, Михаил Юрьевич},
  title = {Собрание сочинений: в 4 т.},
  address = {М.},
  publisher = {Терра-Кн. клуб},
  year = {2009},
  note = {4 т.},
  language = {russian}
}

@BOOK{Management,
  title = {Управление бизнесом : сборник статей},
  address = {Нижний новгород},
  publisher = {Изд-во Нижегородского университета},
  year = {2009},
  numpages = {243},
  language = {russian}
}

@BOOK{Borozda,
  author = {Борозда, И. В. and Воронин, Н. И. and Бушманов, А. В.},
  title = {Лечение сочетанных повреждений таза},
  address = {Владивосток},
  publisher = {Дальнаука},
  year = {2009},
  numpages = {195},
  language = {russian}
}

@BOOK{Marketing,
  author = {Михненков, О. В. and Коготкова, И. З. and Генкин, Е. В. and Сороко, Г. Я.},
  title = {Маркетинговые исследования в строительстве : учебное пособие для студентов специальности «Менеджмент организаций»},
  address = {М.},
  publisher = {Государственный университет управления},
  year = {2005},
  numpages = {59},
  language = {russian}
}

% ГОСТ Р 7.0.11-2011, Приложение Б, Нормативные правовые акты
@BOOK{Constitution,
  title = {Конституция Российской Федерации : офиц. текст.},
  address = {М.},
  publisher = {Маркетинг},
  year = {2001},
  numpages = {39},
  language = {russian}
}

@BOOK{FamilyCode,
  title = {Семейный кодекс Российской Федерации : [федер. закон: принят Гос. Думой 8 дек. 1995~г. : по состоянию на 3~янв. 2001~г.]},
  address = {СПб.},
  publisher = {Стаун-кантри},
  year = {2001},
  numpages = {94},
  language = {russian}
}

% ГОСТ Р 7.0.11-2011, Приложение Б, Стандарты
@BOOK{Gost.7.0.53,
  title = {ГОСТ Р 7.0.53-2007 Система стандартов по информации, библиотечному и издательскому делу. Издания. Международный стандартный книжный номер. Использование и издательское оформление.},
  address = {М.},
  publisher = {Стандартинформ},
  year = {2007},
  numpages = {5},
  language = {russian}
}

% ГОСТ Р 7.0.11-2011, Приложение Б, Депонированные научные работы
@BOOK{Razumovski,
  author = {Разумовский, В. А. and Андреев, Д. А.},
  title = {Управление маркетинговыми исследованиями в регионе},
  address = {М.},
  year = {2002},
  numpages = {210},
  note = {Деп. в ИНИОН Рос. акад. наук 15.02.02, № 139876},
  language = {russian}
}

% ГОСТ Р 7.0.11-2011, Приложение Б, Диссертации
@BOOK{Lagkueva,
  author = {Лагкуева, Ирина Владимировна},
  title = {Особенности регулирования труда творческих работников театров : дис. ... канд. юрид. наук : 12.00.05},
  address = {М.},
  year = {2009},
  numpages = {168},
  language = {russian}
}

@BOOK{Pokrovski,
  author = {Покровский, Андрей Владимирович},
  title = {Устранимые особенности решений эллиптических уравнений : дис. ... д-ра физ.-мат. наук : 01.01.01},
  address = {М.},
  year = {2008},
  numpages = {178},
  language = {russian}
}

% ГОСТ Р 7.0.11-2011, Приложение Б, Авторефераты диссертаций
@BOOK{Sirotko,
  author = {Сиротко, Владимир Викторович},
  title = {Медико-социальные аспекты городского травматизма в современных условиях : автореф. дис. ... канд. мед. наук : 14.00.33},
  address = {М.},
  year = {2006},
  numpages = {26},
  language = {russian}
}

% !!! этот пример НЕ работает с bibtex
% Тот же пример, с использованием https://www.ctan.org/pkg/biblatex-gost
@THESIS{Sirotko2,
  author =       {Сиротко, Владимир Викторович},
  title =        {Медико-социальные аспекты городского травматизма в современных условиях},
  media =        {text},
  type =         {phdautoref},
  science =      {мед. наук},
  specialitycode ={14.00.33},
  address =      {М.},
  year =         {2006},
  pagetotal =    {26},
  language =     {russian},
}

@BOOK{Lukina,
  author = {Лукина, Валентина Александровна},
  title = {Творческая история «Записок охотника» И. С. Тургенева : автореф. дис. ... канд. филол. наук : 10.01.01},
  address = {СПб.},
  year = {2006},
  numpages = {26},
  language = {russian}
}

% !!! этот пример НЕ работает с bibtex
% Тот же пример, с использованием https://www.ctan.org/pkg/biblatex-gost
@THESIS{Lukina2,
  author =       {Лукина, Валентина Александровна},
  title =        {Творческая история «Записок охотника» И. С. Тургенева},
  media =        {text},
  type =         {phdautoref},
  science =      {филол. наук},
  specialitycode ={10.01.01},
  address =      {СПб.},
  year =         {2006},
  pagetotal =    {26},
  language =     {russian},
}

% ГОСТ Р 7.0.11-2011, Приложение Б, Отчёты о научно-исследовательской работе
@BOOK{Methodology,
  author = {Загорюев, А. Л.},
  title = {Методология и методы изучения военно-профессиональной направленности подростков : отчёт о НИР},
  address = {Екатеринбург},
  institution = {Уральский институт практической психологии},
  year = {2008},
  numpages = {102},
  language = {russian}
}

% ГОСТ Р 7.0.11-2011, Приложение Б, Электронные ресурсы
@BOOK{Encyclopedia,
  title = {Художественная энциклопедия зарубежного классического искусства [Электронный ресурс]},
  address = {М.},
  publisher = {Большая Рос. энкцикл.},
  year = {1996},
  note = {1 электрон. опт. диск (CD-ROM)},
  language = {russian}
}

% !!! этот пример НЕ работает с bibtex
% Тот же пример, с использованием https://www.ctan.org/pkg/biblatex-gost
@BOOK{Encyclopedia2,
  title = {Художественная энциклопедия зарубежного классического искусства},
  address = {М.},
  media = {eresource},
  publisher = {Большая Рос. энкцикл.},
  year = {1996},
  note = {1 электрон. опт. диск (CD-ROM)},
  language = {russian},
}

@ARTICLE{Nasirova,
  author =       {Насырова, Г. А.},
  title =        {Модели государственного регулирования страховой деятельности
                  [Электронный ресурс]},
  journal =      {Вестник Финансовой академии},
  year =         {2003},
  number =       {4},
  note =         {Режим доступа: http://vestnik.fa.ru/4(28)2003/4.html},
  language =     {russian}
}

@ARTICLE{Nasirova2,
  author = {Насырова, Г. А.},
  title = {Модели государственного регулирования страховой деятельности},
  journal = {Вестник Финансовой академии},
  year = {2003},
  media = {eresource},
  number = {4},
  note = {Режим доступа: http://vestnik.fa.ru/4(28)2003/4.html},
  language = {russian}
}

% ГОСТ Р 7.0.11-2011, Приложение Б, Статьи

@ARTICLE{Berestova,
  author = {Берестова, Т. Ф.},
  title = {Поисковые инструменты библиотеки},
  journal = {Библиография},
  year = {2006},
  number = {4},
  pages = {19},
  language = {russian}
}

@ARTICLE{Kriger,
  author = {Кригер, И.},
  title =  {Бумага терпит},
  journal = {Новая газета},
  year = {2009},
  note = {1 июля},
  language = {russian}
}


% Examples from https://verbosus.com/bibtex-style-examples.html
@ARTICLE{Article,
  author   = {Peter Adams},
  title    = {The title of the work},
  journal  = {The name of the journal},
  year     = {1993},
  number   = {2},
  pages    = {201-213},
  month    = {7},
  note     = {An optional note},
  volume   = {4},
  language = {english}
}

@BOOK{Book,
  author    = {Peter Babington},
  title     = {The title of the work},
  publisher = {The name of the publisher},
  year      = {1993},
  volume    = {4},
  series    = {10},
  address   = {The address},
  edition   = {3},
  month     = {7},
  note      = {An optional note},
  isbn      = {3257227892},
  language  = {english}
}

@BOOKLET{Booklet,
  title        = {The title of the work},
  author       = {Peter Caxton},
  howpublished = {How it was published},
  address      = {The address of the publisher},
  month        = {7},
  year         = {1993},
  note         = {An optional note},
  language     = {english}
}

@CONFERENCE{Conference,
  author       = {Peter Draper},
  title        = {The title of the work},
  booktitle    = {The title of the book},
  year         = {1993},
  editor       = {The editor},
  volume       = {4},
  series       = {5},
  pages        = {213},
  address      = {The address of the publisher},
  month        = {7},
  organization = {The organization},
  publisher    = {The publisher},
  note         = {An optional note},
  language     = {english}
}

@INBOOK{Inbook,
  author       = {Peter Eston},
  title        = {The title of the work},
  booktitle    = {Book title},
  chapter      = {8},
  pages        = {201-213},
  publisher    = {The name of the publisher},
  year         = {1993},
  volume       = {4},
  series       = {5},
  address      = {The address of the publisher},
  edition      = {3},
  month        = {7},
  note         = {An optional note},
  language     = {english}
}

@INCOLLECTION{Incollection,
  author       = {Peter Farindon},
  title        = {The title of the work},
  booktitle    = {The title of the book},
  publisher    = {The name of the publisher},
  year         = {1993},
  editor       = {The editor},
  volume       = {4},
  series       = {5},
  chapter      = {8},
  pages        = {201-213},
  address      = {The address of the publisher},
  edition      = {3},
  month        = {7},
  note         = {An optional note},
  language     = {english}
}

@MANUAL{Manual,
  title        = {The title of the work},
  author       = {Peter Gainsford},
  organization = {The organization},
  address      = {The address of the publisher},
  edition      = {3},
  month        = {7},
  year         = {1993},
  note         = {An optional note},
  language     = {english}
}

@MASTERSTHESIS{Mastersthesis,
  author       = {Peter Harwood},
  title        = {The title of the work},
  school       = {The school where the thesis was written},
  year         = {1993},
  address      = {The address of the publisher},
  month        = {7},
  note         = {An optional note},
  language     = {english}
}

@MISC{Misc,
  author       = {Peter Isley},
  title        = {The title of the work},
  howpublished = {How it was published},
  month        = {7},
  year         = {1993},
  note         = {An optional note},
  language     = {english}
}

@PHDTHESIS{Phdthesis,
  author       = {Peter Joslin},
  title        = {The title of the work},
  school       = {The school where the thesis was written},
  year         = {1993},
  address      = {The address of the publisher},
  month        = {7},
  note         = {An optional note},
  language     = {english}
}

@PROCEEDINGS{Proceedings,
  title        = {The title of the work},
  year         = {1993},
  editor       = {Peter Kidwelly},
  volume       = {4},
  series       = {5},
  address      = {The address of the publisher},
  month        = {7},
  organization = {The organization},
  publisher    = {The name of the publisher},
  note         = {An optional note},
  language     = {english}
}

@TECHREPORT{Techreport,
  author       = {Peter Lambert},
  title        = {The title of the work},
  institution  = {The institution that published},
  year         = {1993},
  number       = {2},
  address      = {The address of the publisher},
  month        = {7},
  note         = {An optional note},
  language     = {english}
}

@UNPUBLISHED{Unpublished,
  author       = {Peter Marcheford},
  title        = {The title of the work},
  note         = {An optional note},
  month        = {7},
  year         = {1993},
  language     = {english}
}

%%% Реальные примеры

% Инициалы должны быть записаны после запятой, с точками, через пробел
% http://www.kit-e.ru/articles/elcomp/2006_12_124.php
% Подчёркивания в ссылке приходится экранировать
% http://www.kit-e.ru/articles/elcomp/2006\_12\_124.php
@online{medvedev2006jelektronnye,
  title={Электронные компоненты и монтажные подложки},
  author={Медведев, А. М.},
  journal={Компоненты и технологии},
  number={12},
  pages={124--134},
  year={2006},
  medium={Электронный ресурс},
  url = {http://www.kit-e.ru/articles/elcomp/2006\_12\_124.php},
  urldate = {19.01.2015},
  language = {russian}
}

% Real example
% & в названии журнала надо экранировать
% 10.1002/1521-4125(200007)23:7<581::AID-CEAT581>3.0.CO;2-P
% < > в ссылке приходится экранировать %3C и %3E, а потом ещё знаки процента в них экранировать
% 10.1002/1521-4125(200007)23:7%3C581::AID-CEAT581%3E3.0.CO;2-P
% 10.1002/1521-4125(200007)23:7\%3C581::AID-CEAT581\%3E3.0.CO;2-P
% url не нужен. если запись о бумажной публикации
@article {CEAT:CEAT581,
  author = {Deiters, U. K.},
  title = {A Modular Program System for the Calculation of Thermodynamic Properties of Fluids},
  journal = {Chemical Engineering \& Technology},
  volume = {23},
  number = {7},
  publisher = {WILEY-VCH Verlag},
  issn = {1521-4125},
  doi = {10.1002/1521-4125(200007)23:7<581::AID-CEAT581>3.0.CO;2-P},
  pages = {581--584},
  year = {2000},
  language = {english}
}

% Real with  4 authors
@article{doi:10.1080/01932691.2010.513279,
  author = {Young-Sang Cho and Young Kuk Kim and Kook Chae Chung and Chul Jin Choi },
  title = {Deformation of Colloidal Crystals for Photonic Band Gap Tuning},
  journal = {Journal of Dispersion Science and Technology},
  volume = {32},
  number = {10},
  pages = {1408-1415},
  year = {2011},
  doi = {10.1080/01932691.2010.513279},
  language = {english}
}

% doi with (), author with umlaut or other unicode or specific symbols, 9 authors
% latex don't like Gösele1999161 in ref
% Умляуты в авторах понимаются из-за поддержки в юникодной странице pdflatex и xelatex
% Иллюстрация того, что будет. если на английской записи будут поставлена пометка, что язык русский
@article{Gosele1999161,
  title = "Wafer bonding for microsystems technologies",
  journal = "Sensors and Actuators A: Physical",
  volume = "74",
  number = "1–3",
  pages = "161 - 168",
  year = "1999",
  issn = "0924-4247",
  doi = "10.1016/S0924-4247(98)00310-0",
  author = "Gösele, U. and Tong, Q.-Y. and Schumacher, A. and Kräuter, G. and Reiche, M. and Plößl, A. and Kopperschmidt, P. and Lee, T.-H. and Kim, W.-J.",
  keywords = "Wafer bonding",
  keywords = "Fusion bonding",
  keywords = "Pressure sensors",
  keywords = "Interface reactions",
  keywords = "Hydrophilic bonding",
  keywords = "Hydrophobic bonding",
  language = {russian}
}

% Real example (from Google or Springer)
% unmodified styles don't know %language = {English}
% язык писать с маленьких
% иллюстрация incollection
% 10.1007/0-387-32989-7_45
% Подчёркивания в DOI приходится экранировать
% 10.1007/0-387-32989-7\_45
@incollection{Li2007StressAnalysis,
  year={2007},
  isbn={978-0-387-27974-9},
  booktitle={Micro- and Opto-Electronic Materials and Structures: Physics, Mechanics, Design, Reliability, Packaging},
  editor={Suhir, E. and Lee, Y. C. and Wong, C. P.},
  doi={10.1007/0-387-32989-7\_45},
  title={Stress Analysis for Processed Silicon Wafers and Packaged Micro-devices},
  publisher={Springer US},
  author={Li, Li and Guo, Yifan and Zheng, Dawei},
  pages={B677-B709},
  language={english}
}

% Real, β sign
% inputenc don't know β sign %aluminosilicate-β-quartz
% Знаки типа β, которые не знает таблица кодировки, с которой работает компилятор нужно заменять на latex команды
% doi должен быть без http://dx.doi.org/
@article{Shoji199895,
title = "Low-temperature anodic bonding using lithium aluminosilicate-\(\beta\)-quartz glass ceramic",
journal = "Sensors and Actuators A: Physical",
volume = "64",
number = "1",
pages = "95 - 100",
year = "1998",
note = "Tenth {IEEE} International Workshop on Micro Electro Mechanical Systems ",
issn = "0924-4247",
doi = "10.1016/S0924-4247(97)01659-2",
author = {Shuichi Shoji and Hiroto Kikuchi and Hirotaka Torigoe},
keywords = "Anodic bonding",
keywords = "Low-temperature bonding",
keywords = "Micro assembly",
keywords = "Micro package",
keywords = "Glass ceramic",
}


% from urlbst package
% Example from Jason Eisner, by mail (nothing special about the entry,
% but he seemed to be having formatting problems with unsrturl and proceedings
% entries.
% http://cs.jhu.edu/~jason/papers/#icassp07
@InProceedings{test:eisner-sample,
  author =       {Damianos Karakos and Sanjeev Khudanpur and Jason
                  Eisner and Carey~E. Priebe},
  title =        {Iterative denoising using {J}ensen-{R}enyi
                  divergences with an application to unsupervised
                  document categorization},
  booktitle =    {Proceedings of ICASSP},
  year =         2007,
  url =          {http://cs.jhu.edu/~jason/papers/\#icassp07}
}

@InProceedings{test:eisner-sample-shorted,
  author =       {Damianos Karakos and Sanjeev Khudanpur and Jason
                  Eisner and Carey~E. Priebe},
  title =        {Iterative denoising using {J}ensen-{R}enyi
                  divergences with an application to unsupervised
                  document categorization},
  booktitle =    {Proceedings of ICASSP},
  shortbooktitle = {Proc. of ICASSP},
  year =         2007,
  url =          {http://cs.jhu.edu/~jason/papers/\#icassp07}
}

% Попытка записать патент имеющимися средствами
@Book{iofis_patent1960,
  title                    = {Способ пайки керамики с~керамикой и~стекла с~металлом : а.\,с.~126728 СССР},
  author                   = {Иофис, Н. А.},
  year                     = {1960},
  numpages                 = {Бюл. № 5.~1},
  language                 = {russian}
}

% Попытка записать патент имеющимися средствами
@Book{AB_patent_Pomerantz_1968,
  title                    = {Anodic bonding : patent no. 3397278 US},
  author                   = {Pomerantz, D. I.},
  year                     = {1968},
  language                 = {english}
}

% !!! этот пример НЕ работает с bibtex
% Примеры оформления патентов из пакета https://www.ctan.org/pkg/biblatex-gost
@Patent{patent2h,
  heading =      {Заявка 1095735 Рос. федерация, МПК\ensuremath{^7} B 64 G 1/00},
  author =       {Тернер, Э. В.},
  authortype =   {США},
  title =        {Одноразовая ракета-носитель},
  media =        {text},
  holder =       {{заявитель Спейс Системз/Лорал, инк.}},
  credits =      {патент. поверенный Егорова Г. Б.},
  reqnumber =    {2000108705/28},
  date =         {2000-04-07},
  publdate =     {2001-03-10},
  publication =  {Бюл. № 7 (I ч.)\midsentence},
  prdate =       {1999-04-09},
  prnumber =     {09/289, 037},
  prcountry =    {countryus},
  pagetotal =    {5 с.~: ил.},
  language =     {russian},
}

@Patent{patent3h,
  heading =      {А. с. 1007970 СССР, МКИ\ensuremath{^3} В 25.1 15/00},
  author =       {В. С. Ваулин and В. Г. Кемайкин},
  authortype =   {СССР},
  title =        {Устройство для захвата неориентированных деталей типа валов},
  media =        {text},
  reqnumber =    {3360585/25-08},
  date =         {1981-11-23},
  publication =  {Бюл. № 12},
  publdate =     {1983-03-30},
  pagetotal =    {2 с.~: ил.},
  language =     {russian},
}

@Patent{patent2,
  author =       {Тернер, Э. В.},
  authortype =   {США},
  title =        {Одноразовая ракета-носитель},
  media =        {text},
  type =         {patreq},
  number =       1095735,
  location =     {countryru},
  ipc =          {МПК\ensuremath{^7} B 64 G 1/00},
  holder =       {{заявитель Спейс Системз/Лорал, инк.}},
  credits =      {патент. поверенный Егорова Г. Б.},
  reqnumber =    {2000108705/28},
  date =         {2000-04-07},
  publdate =     {2001-03-10},
  publication =  {Бюл. № 7 (I ч.)\midsentence},
  prioritydate = {1999-04-09},
  prioritynumber ={09/289, 037},
  prioritycountry ={countryus},
  pagetotal =    {5 с.~: ил.},
  language =     {russian},
}

%%% Использование дополнительных опций biblatex

@Book{sobenin_kdv,
  author =       {О. А. Вальднер and Н. П. Собенин and Б. В. Зверев and И. С. Щедрин},
  options =      {maxnames=4},
  title =        {Диафрагмированные волноводы},
  subtitle =     {Справочник},
  publisher =    {Энергоатомиздат},
  edition =      3,
  year =         1991,
  pagetotal =    280,
  location =     {М.},
  language =     {russian},
  isbn =         {5-283-03960-9},
}

@InProceedings{initials,
  author =       {Ya.Yu. Ivanov},
  title =        {Stabilization of the initials in the bibliography entries},
  booktitle =    {Proc. of {IPAC'10}},
  options =      {giveninits=false},
  pages =        {1234 -- 4321},
  language =     {english},
  venue =        {Kyoto, Japan},
  publisher =    {JACoW Publishing},
  location =     {Geneva},
  month =        5,
  year =         2010,
}
